{
  "leader": "03016cam a2200613 a 4500",
  "fields": [
    {
      "001": "ocm09066282\\"
    },
    {
      "003": "OCoLC"
    },
    {
      "005": "20230106154754.0"
    },
    {
      "008": "821118s1983\\\\\\\\cauac\\\\\\\\b\\\\\\\\001\\0beng\\\\"
    },
    {
      "010": {
        "ind1": "\\",
        "ind2": "\\",
        "subfields": [
          {
            "a": "   82021066 "
          }
        ]
      }
    },
    {
      "040": {
        "ind1": "\\",
        "ind2": "\\",
        "subfields": [
          {
            "a": "DLC"
          },
          {
            "b": "eng"
          },
          {
            "c": "DLC"
          },
          {
            "d": "KLH"
          },
          {
            "d": "NLM"
          },
          {
            "d": "MUQ"
          },
          {
            "d": "BAKER"
          },
          {
            "d": "NLGGC"
          },
          {
            "d": "BTCTA"
          },
          {
            "d": "YDXCP"
          },
          {
            "d": "OCLCG"
          },
          {
            "d": "NIALS"
          },
          {
            "d": "EDX"
          },
          {
            "d": "GEBAY"
          },
          {
            "d": "EUM"
          },
          {
            "d": "GBVCP"
          },
          {
            "d": "OCLCQ"
          },
          {
            "d": "OCLCO"
          },
          {
            "d": "OCLCF"
          },
          {
            "d": "OCLCQ"
          },
          {
            "d": "DEBBG"
          },
          {
            "d": "EUW"
          },
          {
            "d": "OCLCQ"
          },
          {
            "d": "OCLCO"
          },
          {
            "d": "OCLCA"
          },
          {
            "d": "VBO"
          },
          {
            "d": "OCLCO"
          },
          {
            "d": "JDP"
          },
          {
            "d": "QE2"
          },
          {
            "d": "UKMGB"
          },
          {
            "d": "OCLCA"
          },
          {
            "d": "OCL"
          },
          {
            "d": "BOS"
          },
          {
            "d": "OCLCO"
          },
          {
            "d": "OCLCA"
          },
          {
            "d": "RDF"
          },
          {
            "d": "OCL"
          },
          {
            "d": "OCLCQ"
          },
          {
            "d": "OCLCA"
          },
          {
            "d": "OCLCQ"
          },
          {
            "d": "OCLCO"
          },
          {
            "d": "NDD"
          },
          {
            "d": "OCL"
          },
          {
            "d": "OCLCO"
          },
          {
            "d": "B3G"
          },
          {
            "d": "OCLCO"
          }
        ]
      }
    },
    {
      "016": {
        "ind1": "7",
        "ind2": "\\",
        "subfields": [
          {
            "a": "8409320"
          },
          {
            "2": "DNLM"
          }
        ]
      }
    },
    {
      "016": {
        "ind1": "7",
        "ind2": "\\",
        "subfields": [
          {
            "a": "008094329"
          },
          {
            "2": "Uk"
          }
        ]
      }
    },
    {
      "019": {
        "ind1": "\\",
        "ind2": "\\",
        "subfields": [
          {
            "a": "11415707"
          },
          {
            "a": "23928532"
          },
          {
            "a": "38274286"
          },
          {
            "a": "1020202533"
          },
          {
            "a": "1166995246"
          },
          {
            "a": "1282034796"
          }
        ]
      }
    },
    {
      "020": {
        "ind1": "\\",
        "ind2": "\\",
        "subfields": [
          {
            "a": "0716714337"
          }
        ]
      }
    },
    {
      "020": {
        "ind1": "\\",
        "ind2": "\\",
        "subfields": [
          {
            "a": "9780716714330"
          }
        ]
      }
    },
    {
      "020": {
        "ind1": "\\",
        "ind2": "\\",
        "subfields": [
          {
            "a": "071671504X"
          },
          {
            "q": "(pbk.)"
          }
        ]
      }
    },
    {
      "020": {
        "ind1": "\\",
        "ind2": "\\",
        "subfields": [
          {
            "a": "9780716715047"
          },
          {
            "q": "(pbk.)"
          }
        ]
      }
    },
    {
      "020": {
        "ind1": "\\",
        "ind2": "\\",
        "subfields": [
          {
            "z": "0071671433"
          }
        ]
      }
    },
    {
      "020": {
        "ind1": "\\",
        "ind2": "\\",
        "subfields": [
          {
            "a": "9780071671439"
          }
        ]
      }
    },
    {
      "020": {
        "ind1": "\\",
        "ind2": "\\",
        "subfields": [
          {
            "a": "0071671439"
          }
        ]
      }
    },
    {
      "035": {
        "ind1": "\\",
        "ind2": "\\",
        "subfields": [
          {
            "a": "(OCoLC)9066282"
          },
          {
            "z": "(OCoLC)11415707"
          },
          {
            "z": "(OCoLC)23928532"
          },
          {
            "z": "(OCoLC)38274286"
          },
          {
            "z": "(OCoLC)1020202533"
          },
          {
            "z": "(OCoLC)1166995246"
          },
          {
            "z": "(OCoLC)1282034796"
          }
        ]
      }
    },
    {
      "043": {
        "ind1": "\\",
        "ind2": "\\",
        "subfields": [
          {
            "a": "n-us---"
          }
        ]
      }
    },
    {
      "050": {
        "ind1": "0",
        "ind2": "0",
        "subfields": [
          {
            "a": "QH429.2.M38"
          },
          {
            "b": "K44 1983"
          }
        ]
      }
    },
    {
      "082": {
        "ind1": "0",
        "ind2": "0",
        "subfields": [
          {
            "a": "575.10924"
          },
          {
            "b": "KEL"
          }
        ]
      }
    },
    {
      "100": {
        "ind1": "1",
        "ind2": "\\",
        "subfields": [
          {
            "a": "Keller, Evelyn Fox,"
          },
          {
            "d": "1936-"
          }
        ]
      }
    },
    {
      "245": {
        "ind1": "1",
        "ind2": "2",
        "subfields": [
          {
            "a": "A feeling for the organism :"
          },
          {
            "b": "the life and work of Barbara McClintock /"
          },
          {
            "c": "Evelyn Fox Keller."
          }
        ]
      }
    },
    {
      "260": {
        "ind1": "\\",
        "ind2": "\\",
        "subfields": [
          {
            "a": "San Francisco :"
          },
          {
            "b": "W.H. Freeman,"
          },
          {
            "c": "\u00a91983."
          }
        ]
      }
    },
    {
      "300": {
        "ind1": "\\",
        "ind2": "\\",
        "subfields": [
          {
            "a": "xix, 235 pages :"
          },
          {
            "b": "illustrations, portraits ;"
          },
          {
            "c": "22 cm"
          }
        ]
      }
    },
    {
      "336": {
        "ind1": "\\",
        "ind2": "\\",
        "subfields": [
          {
            "a": "text"
          },
          {
            "b": "txt"
          },
          {
            "2": "rdacontent"
          }
        ]
      }
    },
    {
      "337": {
        "ind1": "\\",
        "ind2": "\\",
        "subfields": [
          {
            "a": "unmediated"
          },
          {
            "b": "n"
          },
          {
            "2": "rdamedia"
          }
        ]
      }
    },
    {
      "338": {
        "ind1": "\\",
        "ind2": "\\",
        "subfields": [
          {
            "a": "volume"
          },
          {
            "b": "nc"
          },
          {
            "2": "rdacarrier"
          }
        ]
      }
    },
    {
      "504": {
        "ind1": "\\",
        "ind2": "\\",
        "subfields": [
          {
            "a": "Includes bibliographical references and index."
          }
        ]
      }
    },
    {
      "520": {
        "ind1": "\\",
        "ind2": "\\",
        "subfields": [
          {
            "a": "Biography of geneticist Barbara McClintock discussing her life and her scientific work."
          }
        ]
      }
    },
    {
      "505": {
        "ind1": "0",
        "ind2": "\\",
        "subfields": [
          {
            "a": "1. An historical overview -- 2. The capacity to be alone -- 3. Becoming a scientist -- 4. A career for women -- 5. 1936-1941: University of Missouri -- 6. Interlude: a sketch of the terrain -- 7. Cold Spring Harbor -- 8. Transposition -- 9. A different language -- 10. Molecular biology -- 11. Transposition rediscovered -- 12. A feeling for the organism."
          }
        ]
      }
    },
    {
      "600": {
        "ind1": "1",
        "ind2": "0",
        "subfields": [
          {
            "a": "McClintock, Barbara,"
          },
          {
            "d": "1902-1992."
          }
        ]
      }
    },
    {
      "650": {
        "ind1": "\\",
        "ind2": "0",
        "subfields": [
          {
            "a": "Geneticists"
          },
          {
            "z": "United States"
          },
          {
            "v": "Biography."
          }
        ]
      }
    },
    {
      "650": {
        "ind1": "\\",
        "ind2": "0",
        "subfields": [
          {
            "a": "Women geneticists"
          },
          {
            "z": "United States"
          },
          {
            "v": "Biography."
          }
        ]
      }
    },
    {
      "650": {
        "ind1": "\\",
        "ind2": "0",
        "subfields": [
          {
            "a": "Geneticists"
          },
          {
            "z": "United States"
          },
          {
            "x": "Biography."
          }
        ]
      }
    },
    {
      "600": {
        "ind1": "1",
        "ind2": "2",
        "subfields": [
          {
            "a": "McClintock, Barbara,"
          },
          {
            "d": "1902-1992."
          }
        ]
      }
    },
    {
      "650": {
        "ind1": "\\",
        "ind2": "2",
        "subfields": [
          {
            "a": "Genetics"
          }
        ]
      }
    },
    {
      "600": {
        "ind1": "1",
        "ind2": "7",
        "subfields": [
          {
            "a": "McClintock, Barbara,"
          },
          {
            "d": "1902-1992."
          },
          {
            "2": "fast"
          },
          {
            "0": "(OCoLC)fst00102125"
          }
        ]
      }
    },
    {
      "650": {
        "ind1": "\\",
        "ind2": "7",
        "subfields": [
          {
            "a": "Women geneticists."
          },
          {
            "2": "fast"
          },
          {
            "0": "(OCoLC)fst01177703"
          }
        ]
      }
    },
    {
      "650": {
        "ind1": "\\",
        "ind2": "7",
        "subfields": [
          {
            "a": "Geneticists."
          },
          {
            "2": "fast"
          },
          {
            "0": "(OCoLC)fst00940114"
          }
        ]
      }
    },
    {
      "651": {
        "ind1": "\\",
        "ind2": "7",
        "subfields": [
          {
            "a": "United States."
          },
          {
            "2": "fast"
          },
          {
            "0": "(OCoLC)fst01204155"
          }
        ]
      }
    },
    {
      "655": {
        "ind1": "\\",
        "ind2": "2",
        "subfields": [
          {
            "a": "Biography"
          }
        ]
      }
    },
    {
      "655": {
        "ind1": "\\",
        "ind2": "7",
        "subfields": [
          {
            "a": "Biographies."
          },
          {
            "2": "fast"
          },
          {
            "0": "(OCoLC)fst01919896"
          }
        ]
      }
    },
    {
      "655": {
        "ind1": "\\",
        "ind2": "7",
        "subfields": [
          {
            "a": "Biographies."
          },
          {
            "2": "lcgft"
          }
        ]
      }
    },
    {
      "856": {
        "ind1": "4",
        "ind2": "1",
        "subfields": [
          {
            "3": "Table of contents"
          },
          {
            "u": "http://www.gbv.de/dms/bs/toc/016553225.pdf"
          }
        ]
      }
    },
    {
      "856": {
        "ind1": "4",
        "ind2": "2",
        "subfields": [
          {
            "3": "Contributor biographical information"
          },
          {
            "u": "http://catdir.loc.gov/catdir/enhancements/fy0667/82021066-b.html"
          }
        ]
      }
    },
    {
      "994": {
        "ind1": "\\",
        "ind2": "\\",
        "subfields": [
          {
            "a": "Z0"
          },
          {
            "b": "NYRVC"
          }
        ]
      }
    },
    {
      "948": {
        "ind1": "\\",
        "ind2": "\\",
        "subfields": [
          {
            "h": "NO HOLDINGS IN NYRVC - 1493 OTHER HOLDINGS"
          }
        ]
      }
    },
    {
      "999": {
        "ind1": "\\",
        "ind2": "\\",
        "subfields": [
          {
            "a": "00000000012794"
          },
          {
            "b": "Copy 1"
          }
        ]
      }
    },
    {
      "999": {
        "ind1": "\\",
        "ind2": "\\",
        "subfields": [
          {
            "a": "00000000012798"
          },
          {
            "b": "Copy 2"
          }
        ]
      }
    }
  ]
}